@article{Buchi2022,
  author    = {B{\"u}chi, M. and Festic, N. and Latzer, M.},
  title     = {The chilling effects of digital dataveillance: A theoretical model and an empirical research agenda},
  journal   = {Big Data \& Society},
  volume    = {9},
  number    = {1},
  year      = {2022},
  doi       = {10.1177/20539517211065368},
}

@article{Kappeler2023,
  author    = {Kappeler, K. and Festic, N. and Latzer, M.},
  title     = {Dataveillance imaginaries and their role in chilling effects online},
  journal   = {International Journal of Human-Computer Studies},
  volume    = {179},
  pages     = {103120},
  year      = {2023},
  doi       = {10.1016/j.ijhcs.2023.103120},
}

@article{Strycharz2024,
  author    = {Strycharz, J. and Segijn, C.},
  title     = {Chilling Effects as a Result of Corporate Surveillance in Digital Communication: A Comparison Between American and Dutch Media Users},
  journal   = {International Journal of Communication},
  volume    = {18},
  pages     = {320--343},
  year      = {2024},
}

@article{Rubel2007,
  author    = {Rubel, A.},
  title     = {Privacy and the USA PATRIOT Act: Rights, the value of rights, and autonomy},
  journal   = {Law \& Philosophy},
  volume    = {26},
  pages     = {119},
  year      = {2007},
}

@article{Stoycheff2019,
  author    = {Stoycheff, E. and Liu, J. and Xu, K. and Wibowo, K.},
  title     = {Privacy and the Panopticon: Online mass surveillance’s deterrence and chilling effects},
  journal   = {New Media \& Society},
  volume    = {21},
  number    = {3},
  pages     = {602--619},
  year      = {2019},
  doi       = {10.1177/1461444818801317},
}

@article{Sullivan2017,
  author    = {Sullivan, C. M. and Davenport, C.},
  title     = {The Rebel Alliance Strikes Back: Understanding the Politics of Backlash Mobilization},
  journal   = {Mobilization: An International Quarterly},
  volume    = {22},
  number    = {1},
  pages     = {39--56},
  year      = {2017},
  doi       = {10.17813/1086-671X-22-1-39},
}

@book{Brehm1966,
  author    = {Brehm, J. W.},
  title     = {A theory of psychological reactance},
  publisher = {Academic Press},
  year      = {1966},
}

@article{Gupta1993,
  author    = {Gupta, D. K. and Singh, H. and Sprague, T.},
  title     = {Government coercion of dissidents: Deterrence or provocation?},
  journal   = {Journal of Conflict Resolution},
  volume    = {37},
  number    = {2},
  pages     = {301--339},
  year      = {1993},
  doi       = {10.1177/0022002793037002004},
}

@article{Meyer2004,
  author    = {Meyer, D. S. and Minkoff, D. C.},
  title     = {Conceptualizing political opportunity},
  journal   = {Social Forces},
  volume    = {82},
  number    = {4},
  pages     = {1457--1492},
  year      = {2004},
  doi       = {10.1353/sof.2004.0082},
}

@article{Marczak2015,
  author    = {Marczak, B. and Scott-Railton, J. and Marquis-Boire, M. and Paxson, V.},
  title     = {When governments hack opponents: A look at actors and technology},
  journal   = {USENIX Security Symposium},
  year      = {2015},
}

@article{Tai2020,
  author    = {Tai, Y. and Fu, K. W.},
  title     = {Specificity, conflict, and focal point: A systematic investigation into social media censorship in China},
  journal   = {Journal of Communication},
  volume    = {70},
  number    = {6},
  pages     = {842--867},
  year      = {2020},
}

@book{Tufekci2017,
  author    = {Tufekci, Z.},
  title     = {Twitter and Tear Gas: The Power and Fragility of Networked Protest},
  publisher = {Yale University Press},
  year      = {2017},
}

@inproceedings{McCoy2008,
  author    = {McCoy, D. and Bauer, K. and Grunwald, D. and Kohno, T. and Sicker, D.},
  title     = {Shining light in dark places: Understanding the Tor network},
  booktitle = {Privacy Enhancing Technologies: 8th International Symposium, PETS 2008 Leuven, Belgium, July 23-25, 2008 Proceedings},
  pages     = {63--76},
  publisher = {Springer Berlin Heidelberg},
  year      = {2008},
}

@article{Norberg2007,
  author    = {Norberg, P. A. and Horne, D. R. and Horne, D. A.},
  title     = {The privacy paradox: Personal information disclosure intentions versus behaviors},
  journal   = {Journal of Consumer Affairs},
  volume    = {41},
  number    = {1},
  pages     = {100--126},
  year      = {2007},
  doi       = {10.1111/j.1745-6606.2006.00070.x},
}

@article{Zhong2022,
  author    = {Zhong, Z.-J. and Zhou, J.-L.},
  title     = {Trends creators and discoverers in online political discussion: A study based on the Golden and LIHKG forums in Hong Kong},
  journal   = {Communication and Society},
  volume    = {59},
  pages     = {47--79},
  year      = {2022},
}

@article{Ku2020,
  author    = {Ku, A. S.},
  title     = {New forms of youth activism—Hong Kong’s Anti-Extradition Bill movement in the local-national-global nexus},
  journal   = {Space and Polity},
  volume    = {24},
  number    = {1},
  pages     = {111--117},
  year      = {2020},
}

@article{Kobayashi2021,
  author    = {Kobayashi, T. and Song, J. and Chan, P.},
  title     = {Does repression undermine opposition demands? The case of the Hong Kong National Security Law},
  journal   = {Japanese Journal of Political Science},
  volume    = {22},
  number    = {4},
  pages     = {268--286},
  year      = {2021},
  doi       = {10.1017/S1468109921000256},
}
